@book{arispol,
	title = {English translation of {Aristotle's Politics}},
	year = 2013,
	publisher = {University of Chicago press},
	author = {Lord, Carnes},
}

@book{capsocdem,
	title = {Capitalism, Socialism and Democracy},
	author = {Schumpeter, Joseph A.},
	year = 1962,
	publisher = {Harper and Bow}
}

@book{demdie, 
	title = {How Democracies Die: What History Reveals About Our Future},
	author = {Levitsky, Steven and Ziblatt, Daniel},
	publisher = {Crown Publishers},
	year = 2018
}

@book{tymin,
	title = {Tyranny of the Minority --- Why American Democracy Reached the Breaking Point},
	author = {Levitsky, Steven and Ziblatt, Daniel},
	publisher = {Penguin Random House},
	year = 2023
}

@book{overdose,
	title = {Overdoing Democracy: Why We Must Put Democracy in Its Place},
	author = {Talisse, Robert},
	publisher = {Oxford University Press},
	year = 2019
}

@article{scand,
	title = {{If the Cure for the Ills of Democracy Is More Democracy, Might the Cure Be Worse than the Disease?}},
	author = {Katz, Richard S.},
	journal = {Scandinavian Political Studies},
	volume = 45,
	pages = {68--85},
	year = 2021
}

@article{IDEA,
	author = {{{International IDEA}}},
	title  = {The Global State of Democracy 2019},
	subtitle = {Addressing the Ills, Reviving the Promise},
	year   = {2020},
}

@book{Bao2018,
	author    = {Bao, Gangsheng},
	publisher = {Social Science Academic Press},
	title     = {The Logic of Democracy},
	year      = {2018},
}

@book{Mill_2010,
	author     = {Mill, John Stuart},
	publisher  = {Cambridge University Press},
	title      = {Considerations on Representative Government},
	year       = {2010},
	% place      = {Cambridge},
}
