@jurisdiction{bowers,
	title = {{Bowers \emph{v.}\ Hardwick}},
	citation = {478 U.S. 186},
	date = {1986},
}

@jurisdiction{casey,
	title = {{Planned Parenthood \emph{v.}\ Casey}},
	citation = {505 U.S. 833},
	date = {1992},
}

@book{justice,
	title = {{Justice: What's the Right Thing to Do?}},
	shorttitle = {Justice},
	author = {Michael J. Sandel},
	publisher = {Farrar, Straus and Giroux},
	year = {2010},
}

@article{prichard,
	title = {{Does Moral Philosophy Rest on a Mistake?}},
	author = {Prichard, H. A.},
	publisher = {Mind},
	volume = {21},
	year = {1912}
}

@article{kant-intuition,
	title = {{Kant's Moral Intuitionism}},
	subtitle = {{The Fact of Reason and Moral Predispositions}},
	author = {{Dieter Sch√∂necker}},
	year = {2013},
}

@book{gmm,
	title = {{Groundwork for the Metaphysics of Morals}},
	year = {2012},
	author = {Kant},
	translator = {Mary Gregor and Jens Timmermann},
	publisher = {Cambridge University Press},
}

% @unpublished{selene,
% 	title = {},
% 	author = {Chen, Siyi},
% 	year = {2023},
% }
